@misc{c1,
author={Lori Schock},
title={Thinking About Buying the Latest New Cryptocurrency or Token?},
url={https://www.investor.gov/additional-resources/spotlight/directors-take/thinking-about-buying-latest-new-cryptocurrency-or}
}

@misc{c2,
author={Marco Iansiti and Karim R. Lakhani},
title={The Truth About Blockchain},
year={2017},
url={https://hbr.org/2017/01/the-truth-about-blockchain}
}

@misc{c3,
author={Jeremy Swinfen Green},
title={Understanding cryptocurrency market fluctuations},
year={2018},
url={https://www.telegraph.co.uk/business/business-reporter/cryptocurrency-market-fluctuations/}
}

@misc{c4,
author={Yahoo Finance},
title={EOS USD (EOS-USD)},
url={https://finance.yahoo.com/quote/EOS-USD/history?p=EOS-USD}
}

@misc{c5,
author={Raj Shroff},
title={When Blockchain Meets Artificial Intelligence},
year={2020},
url={https://medium.com/swlh/when-blockchain-meets-artificial-intelligence-e448968d0482},
howpublished={Blog}
}

@misc{c6,
author={Sepp Hochreiter and J{\"u}rgen Schmidhuber},
title={Long Short-Term Memory},
year={1997},
url={https://www.bioinf.jku.at/publications/older/2604.pdf},
howpublished={Technical report}
}

@misc{c7,
author={Serafeim Loukas},
title={Time-Series Forecasting: Predicting Stock Prices Using An LSTM Model},
year={2020},
url={https://towardsdatascience.com/lstm-time-series-forecasting-predicting-stock-prices-using-an-lstm-model-6223e9644a2f},
howpublished={Blog}
}

@misc{c8,
author={Derk Zomer},
title={Using machine learning to predict future bitcoin prices},
year={2020},
url={https://towardsdatascience.com/using-machine-learning-to-predict-future-bitcoin-prices-6637e7bfa58f},
howpublished={Blog}
}

@misc{c9,
author={Christopher Olah},
title={Understanding LSTM Networks},
year={2015},
url={https://colah.github.io/posts/2015-08-Understanding-LSTMs/},
howpublished={GitHub}
}

@misc{c10,
author={Gregor von Laszewski},
title={Cloudmesh StopWatch and Benchmark from the Cloudmesh Common Library},
url={https://github.com/cloudmesh/cloudmesh-common},
howpublished={GitHub}
}

@misc{c11,
author={Viraf Patrawala},
title={How (NOT) To Predict Stock Prices With LSTMs},
year={2020},
url={https://towardsdatascience.com/how-not-to-predict-stock-prices-with-lstms-a51f564ccbca},
howpublished={Blog}
}

@misc{c12,
author={Jacques Fleischer},
title={README.md Install Documentation},
year={2021},
url={https://github.com/cybertraining-dsc/su21-reu-361/blob/main/project/code/README.md},
howpublished={GitHub}
}

@misc{c13,
author={Jacques Fleischer},
title={yfinance-lstm.ipynb Jupyter Notebook},
year={2021},
url={https://github.com/cybertraining-dsc/su21-reu-361/blob/main/project/code/yfinance-lstm.ipynb},
howpublished={GitHub}
}

@misc{c14,
author={Jacques Fleischer},
title={Time Series Analysis of Blockchain-Based Cryptocurrency Price Changes},
year={2021},
url={https://github.com/cybertraining-dsc/su21-reu-361/blob/main/project/index.md},
howpublished={GitHub}
}

@InProceedings{c15,
author={Jacques Fleischer},
title={Presentation of Time Series Analysis of Blockchain-Based Cryptocurrency Price Changes},
year={2021},
address={https://github.com/cybertraining-dsc/su21-reu-361/blob/main/project/Slideshow.pptx?raw=true},
howpublished={GitHub}
}

@InProceedings{c16,
author={Jacques Fleischer},
title={Poster of Time Series Analysis of Blockchain-Based Cryptocurrency Price Changes},
year={2021},
address={https://github.com/cybertraining-dsc/su21-reu-361/blob/main/project/Poster.pptx?raw=true},
howpublished={GitHub}
}

@misc{c17,
author={Yahoo Finance},
title={Cryptocurrencies},
url={https://finance.yahoo.com/cryptocurrencies}
}

@misc{c18,
author={Ran Aroussi},
title={Reliably download historical market data from with Python},
year={2019},
url={https://aroussi.com/post/python-yahoo-finance}
}