@misc{c-1,
author={Lori Schock},
tite={hinking About Buying the Latest New Cryptocurrency or Token?},
url={https://www.investor.gov/additional-resources/spotlight/directors-take/thinking-about-buying-latest-new-cryptocurrency-or}
}

@misc{c-2,
author={Marco Iansiti and Karim R. Lakhani},
tite={The Truth About Blockchain},
url={https://hbr.org/2017/01/the-truth-about-blockchain}
}

@misc{c-3,
author={Jeremy Swinfen Green},
title={Understanding cryptocurrency market fluctuations},
url={https://www.telegraph.co.uk/business/business-reporter/cryptocurrency-market-fluctuations/}
}

@misc{c-4,
author={{Yahoo Finance}},
title={EOS USD (EOS-USD)},
url={https://finance.yahoo.com/quote/EOS-USD/history?p=EOS-USD}

@misc{c-5,
author={Raj Shroff},
title={When Blockchain Meets Artificial Intelligence},
url={https://medium.com/swlh/when-blockchain-meets-artificial-intelligence-e448968d0482}
howpublished={Blog}
}

@misc{c-6,
author={Sepp Hochreiter and J\{u"}rgen Schmidhuber},
title={Long Short-Term Memory},
url={https://www.bioinf.jku.at/publications/older/2604.pdf}
howpublished={Technical report}
}

@misc{c-7,
author={Serafeim Loukas},
title={Time-Series Forecasting: Predicting Stock Prices Using An LSTM Model},
url={https://towardsdatascience.com/lstm-time-series-forecasting-predicting-stock-prices-using-an-lstm-model-6223e9644a2f},
howpublished={Blog}
}

@misc{c-8,
author={Derk Zomer},
title={Using machine learning to predict future bitcoin prices},
url={https://towardsdatascience.com/using-machine-learning-to-predict-future-bitcoin-prices-6637e7bfa58f},
howpublished={Blog}
}

@misc{c-9,
author={Christopher Olah},
title={Understanding LSTM Networks},
url={https://colah.github.io/posts/2015-08-Understanding-LSTMs/},
howpublished={GitHub}
}

@misc{c-10,
author={Gregor von Laszewski},
title={loudmesh StopWatch and Benchmark from the Cloudmesh Common Library},
url={https://github.com/cloudmesh/cloudmesh-common},
howpublished={GitHub}
}

@misc{c-11,
author={TBD},
title={Viraf, How (NOT) To Predict Stock Prices With LSTMs},
url={https://towardsdatascience.com/how-not-to-predict-stock-prices-with-lstms-a51f564ccbca},
howpublished={Blog}
}

@misc{c-12,
author={Jacques Fleischer},
title={README.md Install Documentation},
url={https://github.com/cybertraining-dsc/su21-reu-361/blob/main/project/code/README.md},
howpublished={GitHub}
}

@misc{c-13,
author={Jacques Fleischer},
title={yfinance-lstm.ipynb Jupyter Notebook},
url={https://github.com/cybertraining-dsc/su21-reu-361/blob/main/project/code/yfinance-lstm.ipynb},
howpublished={GitHub}
}